
# -----------------------------------------------------------------
# Misc
# -----------------------------------------------------------------

# -----------------------------------------------------------------
# A
# -----------------------------------------------------------------
#
# Notes:
#
# 1. The linewrap logic in PCTex's bibliography generator does
#    not handle underscores (it will split the line in the wrong
#    place). In the 'note' fields, make sure to use new lines rather
#    than have the note on one line. The easiest way to check for
#    issues is to generate the bibliography and then look at the
#    .bbl file.
#
# 2. Use \href for all the links, rather than url for the web links,
#    as it keeps the fonts in the final document the same
#    (url generates a true-type hyperlink)
# 


@misc{
	Altera_Quartus_Handbook_2011,
	author={{Altera Corporation}},
	note={\newline(\href{http://www.altera.com/literature/hb/qts/quartusii_handbook.pdf}
	     {quartusii\_handbook.pdf})},
	title={{Quartus II Handbook (version 11.1)}},
	month=nov,
	year={2011}
}

@misc{
	Altera_Embedded_IP_2011,
	author={{Altera Corporation}},
	note={\newline(\href{http://www.altera.com/literature/ug/ug_embedded_ip.pdf}
	     {ug\_embedded\_ip.pdf})},
	title={{Embedded Peripherals IP User Guide (version 11.0)}},
	month=jun,
	year={2011}
}

@misc{
	Altera_Verification_IP_2011,
	author={{Altera Corporation}},
	note={\newline(\href{http://www.altera.com/literature/ug/ug_avalon_verification_ip.pdf}
	     {ug\_avalon\_verification\_ip.pdf},
	     \href{http://www.altera.com/literature/ug/ug_avalon_verification_ip.zip}
	     {ug\_avalon\_verification\_ip.zip})},
	title={{Avalon Verification IP Suite User Guide (version 3.0)}},
	month=may,
	year={2011}
}

@misc{
	Altera_Qsys_Tutorial_2011,
	author={{Altera Corporation}},
	note={\newline(\href{http://www.altera.com/literature/tt/tt_qsys_intro.pdf}
	     {tt\_qsys\_intro.pdf})},
	title={{Qsys System Design Tutorial (version 2.0)}},
	month=may,
	year={2011}
}

@misc{
	Altera_SOPC_Builder_2010,
	author={{Altera Corporation}},
	note={\newline(\href{http://www.altera.com/literature/ug/ug_sopc_builder.pdf}
	     {ug\_sopc\_builder.pdf})},
	title={{SOPC Builder User Guide (version 1.0)}},
	month=dec,
	year={2010}
}

@misc{
	Altera_Interface_Specification_Qsys_2011,
	author={{Altera Corporation}},
	note={\newline(\href{http://www.altera.com/literature/manual/mnl_avalon_spec.pdf}
	     {mnl\_avalon\_spec.pdf})},
	title={{Avalon Interface Specifications (version 2.0, for Qsys Systems)}},
	month=may,
	year={2011}
}

@misc{
	Altera_Interface_Specification_SOPC_2011,
	author={{Altera Corporation}},
	note={(\href{http://www.altera.com/literature/manual/mnl_avalon_spec_1_3.pdf}
	     {mnl\_avalon\_spec\_1\_3.pdf})},
	title={{Avalon Interface Specifications (version 1.3, for SOPC Systems)}},
	month=aug,
	year={2010}
}

@misc{
	Altera_Embedded_Design_Handbook_2011,
	author={{Altera Corporation}},
	note={\newline(\href{http://www.altera.com/literature/hb/nios2/edh_ed_handbook.pdf}
	     {edh\_ed\_handbook.pdf})},
	title={{Embedded Design Handbook (version 2.9)}},
	month=jul,
	year={2011}
}

@misc{
	Altera_NIOSII_Hardware_Tutorial_2011,
	author={{Altera Corporation}},
	note={\newline(\href{http://www.altera.com/literature/tt/tt_nios2_hardware_tutorial.pdf}
	     {tt\_nios2\_hardware\_tutorial.pdf},
	     \href{http://www.altera.com/literature/tt/niosII_hw_dev_tutorial.zip}
	     {niosII\_hw\_dev\_tutorial.zip})},
	title={{Nios II Hardware Development Tutorial (version 4.0)}},
	month=may,
	year={2011}
}

@misc{
	Altera_Virtual_JTAG_2008,
	author={{Altera Corporation}},
	note={\newline(\href{http://www.altera.com/literature/ug/ug_virtualjtag.pdf}
	     {ug\_virtualjtag.pdf})},
	title={{Virtual JTAG Megafunction User Guide (version 2.0)}},
	month=dec,
	year={2008}
}

@misc{
	Altera_Qsys_NoC_Whitepaper_2011,
	author={{Altera Corporation}},
	note={\newline(\href{http://www.altera.com/literature/wp/wp-01149-noc-qsys.pdf}
	     {wp-01149-noc-qsys.pdf})},
	title={{Applying the Benefits of Network on a Chip Architecture to FPGA System Design}},
	month=apr,
	year={2011}
}

@misc{
	Altera_SOPC_Builder_Documentation,
	author={{Altera Corporation}},
	note={\newline(\href{http://www.altera.com/literature/lit-sop.jsp}
	     {http://www.altera.com/literature/lit-sop.jsp})},
	title={{SOPC Builder Documentation}}
}

@misc{
	Altera_Qsys_Documentation,
	author={{Altera Corporation}},
	note={\newline(\href{http://www.altera.com/support/software/system/qsys/sof-qsys-index.html}
	     {http://www.altera.com/support/software/system/qsys/sof-qsys-index.html})},
	title={{Qsys Documentation}}
}

@misc{
	Altera_JTAG_Configuration,
	author={{Altera Corporation}},
	note={\newline(\href{http://www.altera.com/support/devices/configuration/schemes/jtag/cfg-jtag.html}
	     {http://www.altera.com/support/devices/configuration/schemes/jtag/cfg-jtag.html})},
	title={{JTAG Configuration}}
}

# -----------------------------------------------------------------
# H
# -----------------------------------------------------------------
#
@misc{
	Hawkins_VJTAG_2011,
	author={D. W. Hawkins},
	note={\newline(\href{https://github.com/d-hawkins/altera_virtual_jtag_analysis}
	{https://github.com/d-hawkins/altera\_virtual\_jtag\_analysis})},
	title={{Altera Virtual JTAG Analysis}},
	month=nov,
	year={2011}
}

# -----------------------------------------------------------------
# R
# -----------------------------------------------------------------
#
@misc{
	RFC1662_1994,
	author={W. Simpson},
	note={\newline(\href{http://tools.ietf.org/html/rfc1662}{http://tools.ietf.org/html/rfc1662})},
	title={{PPP in HDLC-like Framing}},
	month=jul,
	year={1994}
}


